@article{Capretta05,
  author    = {Venanzio Capretta},
  title     = {General recursion via coinductive types},
  journal   = {Logical Methods in Computer Science},
  volume    = {1},
  number    = {2},
  year      = {2005},
  doi       = {10.2168/LMCS-1(2:1)2005}
}

@phdthesis{VeltriPhD,
  author       = {Niccol{\`o} Veltri}, 
  title        = {A Type-Theoretical Study of Nontermination},
  school       = {Tallinn University of Technology},
  year         = 2017,
  url = {https://digi.lib.ttu.ee/i/?7631}
}

@article{ChapmanUV19,
  author    = {James Chapman and
               Tarmo Uustalu and
               Niccol{\`{o}} Veltri},
  title     = {Quotienting the delay monad by weak bisimilarity},
  journal   = {Mathematical Structures in Computer Science},
  volume    = {29},
  number    = {1},
  pages     = {67--92},
  year      = {2019},
  doi       = {10.1017/S0960129517000184}
}

@inproceedings{UustaluV17,
  author    = {Tarmo Uustalu and
               Niccol{\`{o}} Veltri},
  title     = {The Delay Monad and Restriction Categories},
  booktitle = {Theoretical Aspects of Computing - {ICTAC} 2017 - 14th International
               Colloquium, Hanoi, Vietnam, October 23-27, 2017, Proceedings},
  pages     = {32--50},
  year      = {2017},
  doi       = {10.1007/978-3-319-67729-3\_3}
}

@article{CaretteCCS18,
  author    = {Jacques Carette and
               Chao{-}Hong Chen and
               Vikraman Choudhury and
               Amr Sabry},
  title     = {From Reversible Programs to Univalent Universes and Back},
  journal   = {Electr. Notes Theor. Comput. Sci.},
  volume    = {336},
  pages     = {5--25},
  year      = {2018},
  doi       = {10.1016/j.entcs.2018.03.013}
}

@inproceedings{CaretteS16,
  author    = {Jacques Carette and
               Amr Sabry},
  title     = {Computing with Semirings and Weak Rig Groupoids},
  booktitle = {Programming Languages and Systems - 25th European Symposium on Programming,
               {ESOP} 2016, Held as Part of the European Joint Conferences on Theory
               and Practice of Software, {ETAPS} 2016, Eindhoven, The Netherlands,
               April 2-8, 2016, Proceedings},
  pages     = {123--148},
  year      = {2016},
  doi       = {10.1007/978-3-662-49498-1\_6}
}

@inproceedings{JamesS12,
  author    = {Roshan P. James and
               Amr Sabry},
  title     = {Information effects},
  booktitle = {Proceedings of the 39th {ACM} {SIGPLAN-SIGACT} Symposium on Principles
               of Programming Languages, {POPL} 2012, Philadelphia, Pennsylvania,
               USA, January 22-28, 2012},
  pages     = {73--84},
  year      = {2012},
  doi       = {10.1145/2103656.2103667}
}

@article{KaarsgaardAG17,
  author    = {Robin Kaarsgaard and
               Holger Bock Axelsen and
               Robert Gl{\"{u}}ck},
  title     = {Join inverse categories and reversible recursion},
  journal   = {J. Log. Algebr. Meth. Program.},
  volume    = {87},
  pages     = {33--50},
  year      = {2017},
  doi       = {10.1016/j.jlamp.2016.08.003}
}